
<marc:record><marc:leader>02684nam a2200349Ii 4500</marc:leader>
<marc:controlfield tag="001">on1076574086</marc:controlfield>
<marc:controlfield tag="005">20181130093740.0</marc:controlfield><marc:controlfield tag="006">m     o  d        </marc:controlfield><marc:controlfield tag="007">cr unu||||||||</marc:controlfield><marc:controlfield tag="008">181130s2019    miua    ob    001 0 eng d</marc:controlfield><marc:datafield tag="040" ind1=" " ind2=" "><marc:subfield code="a">EYM</marc:subfield><marc:subfield code="b">eng</marc:subfield><marc:subfield code="e">rda</marc:subfield><marc:subfield code="e">pn</marc:subfield><marc:subfield code="c">EYM</marc:subfield><marc:subfield code="d">EYM</marc:subfield></marc:datafield><marc:datafield tag="020" ind1=" " ind2=" "><marc:subfield code="a">9780472125081</marc:subfield><marc:subfield code="q">electronic book</marc:subfield></marc:datafield><marc:datafield tag="020" ind1=" " ind2=" "><marc:subfield code="a">0472125087</marc:subfield><marc:subfield code="q">electronic book</marc:subfield></marc:datafield><marc:datafield tag="020" ind1=" " ind2=" "><marc:subfield code="z">9780472131303</marc:subfield><marc:subfield code="q">hardcover</marc:subfield></marc:datafield><marc:datafield tag="024" ind1="7" ind2=" "><marc:subfield code="a">10.3998/mpub.10075702</marc:subfield><marc:subfield code="2">doi</marc:subfield></marc:datafield><marc:datafield tag="035" ind1=" " ind2=" "><marc:subfield code="a">(OCoLC)1076574086</marc:subfield></marc:datafield><marc:datafield tag="050" ind1=" " ind2="4"><marc:subfield code="a">ML3508</marc:subfield></marc:datafield><marc:datafield tag="100" ind1="1" ind2=" "><marc:subfield code="a">Lewis, Eric,</marc:subfield><marc:subfield code="d">1961-</marc:subfield><marc:subfield code="e">author.</marc:subfield></marc:datafield><marc:datafield tag="245" ind1="1" ind2="0"><marc:subfield code="a">Intents and purposes :</marc:subfield><marc:subfield code="b">philosophy and the aesthetics of improvisation /</marc:subfield><marc:subfield code="c">Eric Lewis.</marc:subfield></marc:datafield><marc:datafield tag="264" ind1=" " ind2="1"><marc:subfield code="a">Ann Arbor, Michigan :</marc:subfield><marc:subfield code="b">University of Michigan Press,</marc:subfield><marc:subfield code="c">2019.</marc:subfield></marc:datafield><marc:datafield tag="300" ind1=" " ind2=" "><marc:subfield code="a">1 online resource (248 pages) :</marc:subfield><marc:subfield code="b">illustrations</marc:subfield></marc:datafield><marc:datafield tag="336" ind1=" " ind2=" "><marc:subfield code="a">text</marc:subfield><marc:subfield code="b">txt</marc:subfield><marc:subfield code="2">rdacontent</marc:subfield></marc:datafield><marc:datafield tag="337" ind1=" " ind2=" "><marc:subfield code="a">computer</marc:subfield><marc:subfield code="b">c</marc:subfield><marc:subfield code="2">rdamedia</marc:subfield></marc:datafield><marc:datafield tag="338" ind1=" " ind2=" "><marc:subfield code="a">online resource</marc:subfield><marc:subfield code="b">cr</marc:subfield><marc:subfield code="2">rdacarrier</marc:subfield></marc:datafield><marc:datafield tag="504" ind1=" " ind2=" "><marc:subfield code="a">Includes bibliographical references and index.</marc:subfield></marc:datafield><marc:datafield tag="520" ind1="3" ind2=" "><marc:subfield code="a">How do we define improvised music? What is the relationship of highly improvised performances to the work they are performances of? How do we decide what are the important parts of an improvised musical work? In Intents and Purposes, Eric Lewis uses a series of case studies to challenge assumptions about what defines a musical work and musical performance, seeking to go beyond philosophical and aesthetic templates from Western classical music to foreground the distinctive practices and aesthetics of jazz. Pushing aside the assumption that composition and improvisation are different (or even opposed) musical practices, Lewis' philosophically informed approach revisits key topics in musical ontology, such as how to define the triangle of composer-performer-listener, and the status of live performances in relation to scores and recordings. Drawing on critical race theory, feminist theory, new musicology, sociology, cognitive science, and genre theory, Lewis opens up new questions about agency in performance, as well as new ways of considering the historical relationships between improvisational practices with roots in different cultural frameworks. By showing how jazz can be both art, idea, and action all at the same time, Lewis offers a new way of seeing any improvised musical performance in a new culturally and aesthetically rich context.</marc:subfield></marc:datafield><marc:datafield tag="588" ind1=" " ind2=" "><marc:subfield code="a">Description based on information from publisher.</marc:subfield></marc:datafield><marc:datafield tag="650" ind1=" " ind2="0"><marc:subfield code="a">Jazz</marc:subfield><marc:subfield code="x">Philosophy and aesthetics.</marc:subfield></marc:datafield><marc:datafield tag="650" ind1=" " ind2="0"><marc:subfield code="a">Improvisation (Music)</marc:subfield></marc:datafield><marc:datafield tag="655" ind1=" " ind2="4"><marc:subfield code="a">Electronic books.</marc:subfield></marc:datafield><marc:datafield tag="710" ind1="2" ind2=" "><marc:subfield code="a">Michigan Publishing (University of Michigan),</marc:subfield><marc:subfield code="e">issuing body.</marc:subfield></marc:datafield><marc:datafield tag="856" ind1="4" ind2="0"><marc:subfield code="z">Access to the Michigan Publishing online version:</marc:subfield><marc:subfield code="u">https://doi.org/10.3998/mpub.10075702</marc:subfield></marc:datafield></marc:record>