
<marc:record><marc:leader>03578nam a2200349Ii 4500</marc:leader>
<marc:controlfield tag="001">on1082146353</marc:controlfield>
<marc:controlfield tag="005">20190114040044.0</marc:controlfield><marc:controlfield tag="006">m     o  d        </marc:controlfield><marc:controlfield tag="007">cr unu||||||||</marc:controlfield><marc:controlfield tag="008">190114s2019    miu     o     000 0 eng d</marc:controlfield><marc:datafield tag="040" ind1=" " ind2=" "><marc:subfield code="a">EYM</marc:subfield><marc:subfield code="b">eng</marc:subfield><marc:subfield code="e">pn</marc:subfield><marc:subfield code="e">rda</marc:subfield><marc:subfield code="c">EYM</marc:subfield><marc:subfield code="d">EYM</marc:subfield></marc:datafield><marc:datafield tag="020" ind1=" " ind2=" "><marc:subfield code="a">9780472125913</marc:subfield><marc:subfield code="q">(electronic book)</marc:subfield></marc:datafield><marc:datafield tag="020" ind1=" " ind2=" "><marc:subfield code="a">0472125915</marc:subfield><marc:subfield code="q">(electronic book)</marc:subfield></marc:datafield><marc:datafield tag="020" ind1=" " ind2=" "><marc:subfield code="z">9780472074266</marc:subfield><marc:subfield code="q">(hardcover)</marc:subfield></marc:datafield><marc:datafield tag="020" ind1=" " ind2=" "><marc:subfield code="z">9780472054268</marc:subfield><marc:subfield code="q">(paperback)</marc:subfield></marc:datafield><marc:datafield tag="024" ind1="7" ind2=" "><marc:subfield code="a">10.3998/mpub.4454129</marc:subfield><marc:subfield code="2">doi</marc:subfield></marc:datafield><marc:datafield tag="043" ind1=" " ind2=" "><marc:subfield code="a">n-us-mi</marc:subfield></marc:datafield><marc:datafield tag="050" ind1=" " ind2="4"><marc:subfield code="a">ML3508.8.D4</marc:subfield></marc:datafield><marc:datafield tag="100" ind1="1" ind2=" "><marc:subfield code="a">Stryker, Mark,</marc:subfield><marc:subfield code="e">author.</marc:subfield></marc:datafield><marc:datafield tag="245" ind1="1" ind2="0"><marc:subfield code="a">Jazz from Detroit /</marc:subfield><marc:subfield code="c">Mark Stryker.</marc:subfield></marc:datafield><marc:datafield tag="264" ind1=" " ind2="1"><marc:subfield code="a">Ann Arbor, Michigan :</marc:subfield><marc:subfield code="b">University of Michigan Press,</marc:subfield><marc:subfield code="c">[2019]</marc:subfield></marc:datafield><marc:datafield tag="300" ind1=" " ind2=" "><marc:subfield code="a">1 online resource (277 pages)</marc:subfield></marc:datafield><marc:datafield tag="336" ind1=" " ind2=" "><marc:subfield code="a">text</marc:subfield><marc:subfield code="b">txt</marc:subfield><marc:subfield code="2">rdacontent</marc:subfield></marc:datafield><marc:datafield tag="337" ind1=" " ind2=" "><marc:subfield code="a">computer</marc:subfield><marc:subfield code="b">c</marc:subfield><marc:subfield code="2">rdamedia</marc:subfield></marc:datafield><marc:datafield tag="338" ind1=" " ind2=" "><marc:subfield code="a">online resource</marc:subfield><marc:subfield code="b">cr</marc:subfield><marc:subfield code="2">rdacarrier</marc:subfield></marc:datafield><marc:datafield tag="520" ind1=" " ind2=" "><marc:subfield code="a">&quot;Jazz from Detroit&quot; is the first book to explore the city's profound influence on the course of modern and contemporary jazz from the mid-20th Century until the present day. In vivid prose that brings the music alive for both aficionados and newcomers, Mark Stryker details the lives and impact of more than two dozen key musicians, while also connecting the dots between players, eras, styles and the turbulent history of Detroit. The book explores how Detroit became a center for modern jazz and sustained its influence over decades -- graduating scores of musicians to the national scene and a striking number of innovators into the pantheon. A unique confluence of economic, cultural, educational and artistic factors transformed the Detroit into a bebop factory in the 1940s and '50s. The auto industry created a thriving black working and middle class in Detroit that supported a vibrant nightlife. Meanwhile, the marriage of superb formal instruction in public schools with the informal academy that legendary pianist and guru Barry Harris ran in his home had a catalytic impact on jazz in Detroit. Musicians rolled off an assembly line, all part of a unified fleet yet each a one-of-a-kind model with its own distinctive identity --  Hank, Thad and Elvin Jones, Milt Jackson, Yusef Lateef, Donald Byrd, Curtis Fuller, Kenny Burrell, Tommy Flanagan, Ron Carter and Joe Henderson coming to prominence. Musician-led cooperatives and self-determination efforts helped keep jazz flourishing in Detroit during the 1960s and '70s. In recent decades, even as the city's population fell sharply and economic might waned, Detroit continued to export significant talent to the major leagues. Detroit's culture of mentorship, embodied by trumpeter and teacher Marcus Belgrave, ensured that the city remained a national power as protégés like Geri Allen, Kenny Garrett, Robert Hurst, Regina Carter, Gerald Cleaver helped defined jazz in the late 20th and early 21st Centuries.</marc:subfield></marc:datafield><marc:datafield tag="520" ind1=" " ind2=" "><marc:subfield code="a">Common lineage and shared musical values link Detroit jazz musicians into an extended family defined by an allegiance to blues and swing, versatility, polished technique, musical intelligence and soulful expression. The ongoing resilience of Detroit's jazz tradition provides a powerful symbol of the city's lasting cultural influence and a metaphor for its nascent renaissance.</marc:subfield></marc:datafield><marc:datafield tag="588" ind1=" " ind2=" "><marc:subfield code="a">Description based on information from the publisher.</marc:subfield></marc:datafield><marc:datafield tag="650" ind1=" " ind2="0"><marc:subfield code="a">Jazz</marc:subfield><marc:subfield code="z">Michigan</marc:subfield><marc:subfield code="z">Detroit</marc:subfield><marc:subfield code="x">History and criticism.</marc:subfield></marc:datafield><marc:datafield tag="655" ind1=" " ind2="4"><marc:subfield code="a">Electronic books.</marc:subfield></marc:datafield><marc:datafield tag="710" ind1="2" ind2=" "><marc:subfield code="a">Michigan Publishing (University of Michigan),</marc:subfield><marc:subfield code="e">publisher.</marc:subfield></marc:datafield><marc:datafield tag="856" ind1="4" ind2="0"><marc:subfield code="z">Access to the Michigan Publishing online version:</marc:subfield><marc:subfield code="u">https://doi.org/10.3998/mpub.4454129</marc:subfield></marc:datafield></marc:record>