
<marc:record><marc:leader>03933nam a2200373Ii 4500</marc:leader>
<marc:controlfield tag="001">on1089941287</marc:controlfield>
<marc:controlfield tag="005">20190315023136.0</marc:controlfield><marc:controlfield tag="006">m     o  d        </marc:controlfield><marc:controlfield tag="007">cr unu||||||||</marc:controlfield><marc:controlfield tag="008">190315t20192019miua    ob    000 0 eng d</marc:controlfield><marc:datafield tag="040" ind1=" " ind2=" "><marc:subfield code="a">EYM</marc:subfield><marc:subfield code="b">eng</marc:subfield><marc:subfield code="e">pn</marc:subfield><marc:subfield code="e">rda</marc:subfield><marc:subfield code="c">EYM</marc:subfield></marc:datafield><marc:datafield tag="020" ind1=" " ind2=" "><marc:subfield code="a">9780472125180</marc:subfield><marc:subfield code="q">(electronic bk.)</marc:subfield></marc:datafield><marc:datafield tag="020" ind1=" " ind2=" "><marc:subfield code="a">0472125184</marc:subfield><marc:subfield code="q">(electronic bk.)</marc:subfield></marc:datafield><marc:datafield tag="020" ind1=" " ind2=" "><marc:subfield code="a">9780472131327</marc:subfield><marc:subfield code="q">(hardcover : alk. paper)</marc:subfield></marc:datafield><marc:datafield tag="020" ind1=" " ind2=" "><marc:subfield code="a">047213132X</marc:subfield><marc:subfield code="q">(hardcover : alk. paper)</marc:subfield></marc:datafield><marc:datafield tag="024" ind1="7" ind2=" "><marc:subfield code="a">10.3998/mpub.9853048</marc:subfield><marc:subfield code="2">doi</marc:subfield></marc:datafield><marc:datafield tag="050" ind1=" " ind2="4"><marc:subfield code="a">HJ3801</marc:subfield></marc:datafield><marc:datafield tag="049" ind1=" " ind2=" "><marc:subfield code="a">EYMG</marc:subfield></marc:datafield><marc:datafield tag="100" ind1="1" ind2=" "><marc:subfield code="a">Braunstein, Juergen,</marc:subfield><marc:subfield code="e">author.</marc:subfield></marc:datafield><marc:datafield tag="245" ind1="1" ind2="0"><marc:subfield code="a">Capital choices :</marc:subfield><marc:subfield code="b">sectoral politics and the variation of sovereign wealth /</marc:subfield><marc:subfield code="c">Juergen Braunstein.</marc:subfield></marc:datafield><marc:datafield tag="264" ind1=" " ind2="1"><marc:subfield code="a">Ann Arbor, Michigan :</marc:subfield><marc:subfield code="b">University of Michigan Press,</marc:subfield><marc:subfield code="c">2019.</marc:subfield></marc:datafield><marc:datafield tag="264" ind1=" " ind2="4"><marc:subfield code="c">©2019</marc:subfield></marc:datafield><marc:datafield tag="300" ind1=" " ind2=" "><marc:subfield code="a">1 online resource (193 pages) :</marc:subfield><marc:subfield code="b">illustrations</marc:subfield></marc:datafield><marc:datafield tag="336" ind1=" " ind2=" "><marc:subfield code="a">text</marc:subfield><marc:subfield code="b">txt</marc:subfield><marc:subfield code="2">rdacontent</marc:subfield></marc:datafield><marc:datafield tag="337" ind1=" " ind2=" "><marc:subfield code="a">computer</marc:subfield><marc:subfield code="b">c</marc:subfield><marc:subfield code="2">rdamedia</marc:subfield></marc:datafield><marc:datafield tag="338" ind1=" " ind2=" "><marc:subfield code="a">online resource</marc:subfield><marc:subfield code="b">cr</marc:subfield><marc:subfield code="2">rdacarrier</marc:subfield></marc:datafield><marc:datafield tag="504" ind1=" " ind2=" "><marc:subfield code="a">Includes bibliographical references (pages 159-192)</marc:subfield></marc:datafield><marc:datafield tag="505" ind1="0" ind2=" "><marc:subfield code="a">Abbreviations -- Acknowledgments -- Chapter 1. Introduction -- Chapter 2. Global Review -- Chapter 3. Bringing Domestic Politics In: A Policy Network Analysis of Sovereign Wealth Funds -- Chapter 4. Capital Choices in Industrial Policy: Asian City-Economies and the Emergence of Temasek -- Chapter 5. Capital Choices in Savings and Financial Policy: Asian City-States and the Emergence of the Government Investment Corporation -- Chapter 6. Capital Choices in Small Open Economies of the Middle East -- Chapter 7. Capital Choices in OECD and BRIC Countries -- Chapter 8. Conclusion: Domestic Politics and Capital Choices -- Notes -- Bibliography -- Index.</marc:subfield></marc:datafield><marc:datafield tag="520" ind1="3" ind2=" "><marc:subfield code="a">&quot;Sovereign wealth funds are state-controlled pools of capital that hold financial and real assets, including shares of state enterprises, and manage them to preserve and grow the nation's base of sovereign wealth. The dramatic rise of sovereign wealth funds (SWFs) in terms of number and size -- this group is now larger than the combined size of global private equity and hedge funds -- and that the majority of them are located in non-OECD countries, has raised concern about the future direction of capitalism. Yet SWFs are not a homogenous group of actors. Why do some countries with large current account surpluses, notably China, create SWFs while others, such as Switzerland and Germany, don't? Why do other countries with no macro-economic justification, such as Senegal and Turkey, create SWFs? And why do countries with very similar macro-economic features, such as Kuwait and Qatar or Singapore and Hong Kong, choose very different types of SWFs? Capital Choices analyzes the struggles behind the creation of different SWFs from a comparative political economy perspective. Examining small open economies, the book argues that different state-society structures at the sectoral level are the core drivers responsible for SWF variation. Juergen Braunstein looks inside the 'black box' of SWF creation, focusing on the early formation period of SWFs: a critical but little understood area in the current debate, given high levels of political sensitivity and a lack of transparency. Braunstein's novel analytical framework provides practical lessons for business and finance organizations, as well as for policy makers of countries that have created or are planning to create SWFs. This book illustrates the scope for the domestic politics and strategies of small states in economic policy despite strong transnational forces, notably international economic and diffusion pressures.&quot;</marc:subfield></marc:datafield><marc:datafield tag="588" ind1=" " ind2=" "><marc:subfield code="a">Description based on information from the publisher.</marc:subfield></marc:datafield><marc:datafield tag="650" ind1=" " ind2="0"><marc:subfield code="a">Sovereign wealth funds.</marc:subfield></marc:datafield><marc:datafield tag="655" ind1=" " ind2="4"><marc:subfield code="a">Electronic books.</marc:subfield></marc:datafield><marc:datafield tag="710" ind1="2" ind2=" "><marc:subfield code="a">Michigan Publishing (University of Michigan),</marc:subfield><marc:subfield code="e">publisher.</marc:subfield></marc:datafield><marc:datafield tag="856" ind1="4" ind2="0"><marc:subfield code="z">Access to the Michigan Publishing online version:</marc:subfield><marc:subfield code="u">https://doi.org/10.3998/mpub.9853048</marc:subfield></marc:datafield></marc:record>