
<marc:record><marc:leader>02899nam a2200397Ii 4500</marc:leader>
<marc:controlfield tag="001">on1091193045</marc:controlfield>
<marc:controlfield tag="005">20190402013637.0</marc:controlfield><marc:controlfield tag="006">m     o  d        </marc:controlfield><marc:controlfield tag="007">cr unu||||||||</marc:controlfield><marc:controlfield tag="008">190402t20192019miu      b    001 0 eng d</marc:controlfield><marc:datafield tag="040" ind1=" " ind2=" "><marc:subfield code="a">EYM</marc:subfield><marc:subfield code="b">eng</marc:subfield><marc:subfield code="e">rda</marc:subfield><marc:subfield code="e">pn</marc:subfield><marc:subfield code="c">EYM</marc:subfield></marc:datafield><marc:datafield tag="020" ind1=" " ind2=" "><marc:subfield code="z">9780472131419</marc:subfield><marc:subfield code="q">(hardcover)</marc:subfield></marc:datafield><marc:datafield tag="020" ind1=" " ind2=" "><marc:subfield code="a">9780472125326</marc:subfield><marc:subfield code="q">(electronic book)</marc:subfield></marc:datafield><marc:datafield tag="020" ind1=" " ind2=" "><marc:subfield code="a">047212532X</marc:subfield><marc:subfield code="q">(electronic book)</marc:subfield></marc:datafield><marc:datafield tag="024" ind1="7" ind2=" "><marc:subfield code="a">10.3998/mpub.9373485</marc:subfield><marc:subfield code="2">doi</marc:subfield></marc:datafield><marc:datafield tag="043" ind1=" " ind2=" "><marc:subfield code="a">n-us---</marc:subfield></marc:datafield><marc:datafield tag="050" ind1=" " ind2="4"><marc:subfield code="a">PN4151</marc:subfield></marc:datafield><marc:datafield tag="049" ind1=" " ind2=" "><marc:subfield code="a">EYMG</marc:subfield></marc:datafield><marc:datafield tag="100" ind1="1" ind2=" "><marc:subfield code="a">Bean, Heidi R.,</marc:subfield><marc:subfield code="e">author.</marc:subfield></marc:datafield><marc:datafield tag="245" ind1="1" ind2="0"><marc:subfield code="a">Acts of poetry :</marc:subfield><marc:subfield code="b">American poets' theater and the politics of performance /</marc:subfield><marc:subfield code="c">by Heidi R. Bean.</marc:subfield></marc:datafield><marc:datafield tag="264" ind1=" " ind2="1"><marc:subfield code="a">Ann Arbor, Michigan :</marc:subfield><marc:subfield code="b">University of Michigan Press,</marc:subfield><marc:subfield code="c">[2019]</marc:subfield></marc:datafield><marc:datafield tag="264" ind1=" " ind2="4"><marc:subfield code="c">©2019</marc:subfield></marc:datafield><marc:datafield tag="300" ind1=" " ind2=" "><marc:subfield code="a">1 online resource (237 pages)</marc:subfield></marc:datafield><marc:datafield tag="336" ind1=" " ind2=" "><marc:subfield code="a">text</marc:subfield><marc:subfield code="b">txt</marc:subfield><marc:subfield code="2">rdacontent</marc:subfield></marc:datafield><marc:datafield tag="337" ind1=" " ind2=" "><marc:subfield code="a">computer</marc:subfield><marc:subfield code="b">c</marc:subfield><marc:subfield code="2">rdamedia</marc:subfield></marc:datafield><marc:datafield tag="338" ind1=" " ind2=" "><marc:subfield code="a">online resource</marc:subfield><marc:subfield code="b">cr</marc:subfield><marc:subfield code="2">rdacarrier</marc:subfield></marc:datafield><marc:datafield tag="504" ind1=" " ind2=" "><marc:subfield code="a">Includes bibliographical references (pages 214-237) and index.</marc:subfield></marc:datafield><marc:datafield tag="505" ind1="0" ind2=" "><marc:subfield code="a">Introduction: where is poets' theater? -- Chapter One: Repeating Gertrude Stein -- Chapter Two: &quot;Everyone is watching us!&quot; The Poets' Theatre, Cambridge, Massachusetts, 1950-1956 -- Chapter Three: From Poets' Theater to &quot;Antitextual&quot; Theater: The Living Theatre and the Rhetoric of the Real -- Chapter Four: Sounding the Revolution: Amiri Baraka's Black Arts Poets' Theater -- Chapter Five: Carla Harryman and the Ethics of Performance -- Chapter Six: Poets' Theater as Postdramatic Theater: Learning from Suzan-Lori Parks The America Play -- Epiloque: Poets' Theater in the Twenty-First Century -- Notes --Bibliography -- Index.</marc:subfield></marc:datafield><marc:datafield tag="520" ind1="3" ind2=" "><marc:subfield code="a">Acts of Poetry examines the rhetoric, history, and practice of postwar American poet's theater. American poet's theater proliferated in the postwar period, when rich, performance-oriented poetry and theater scenes came together on the makeshift stages of urban coffee houses, shared apartments, and underground theaters. And yet its importance and history have been almost entirely ignored by critics. Acts of Poetry shines a spotlight on the practice of poet's theater by examining key groups and practitioners. Bringing together cultural history and criticism, it maps poet's theater in relation to performance practices such as poetry readings, avant-garde theater, and conceptual art and demonstrates not only the emergence of poet's theater in the postwar period but its continuation and legacy today.</marc:subfield></marc:datafield><marc:datafield tag="588" ind1=" " ind2=" "><marc:subfield code="a">Description based on information from the publisher.</marc:subfield></marc:datafield><marc:datafield tag="650" ind1=" " ind2="0"><marc:subfield code="a">Performance poetry.</marc:subfield></marc:datafield><marc:datafield tag="650" ind1=" " ind2="0"><marc:subfield code="a">Theater</marc:subfield><marc:subfield code="z">United States</marc:subfield><marc:subfield code="y">20th century</marc:subfield><marc:subfield code="x">History.</marc:subfield></marc:datafield><marc:datafield tag="650" ind1=" " ind2="0"><marc:subfield code="a">American drama</marc:subfield><marc:subfield code="y">20th century</marc:subfield><marc:subfield code="x">History and criticism.</marc:subfield></marc:datafield><marc:datafield tag="655" ind1=" " ind2="4"><marc:subfield code="a">Electronic books.</marc:subfield></marc:datafield><marc:datafield tag="710" ind1="2" ind2=" "><marc:subfield code="a">Michigan Publishing (University of Michigan),</marc:subfield><marc:subfield code="e">issuing body.</marc:subfield></marc:datafield><marc:datafield tag="856" ind1="4" ind2="0"><marc:subfield code="z">Access to the Michigan Publishing online version:</marc:subfield><marc:subfield code="u">https://doi.org/10.3998/mpub.9373485</marc:subfield></marc:datafield></marc:record>