
<marc:record><marc:leader>04140nam a2200409Ii 4500</marc:leader>
<marc:controlfield tag="001">on1091584081</marc:controlfield>
<marc:controlfield tag="005">20190404105607.0</marc:controlfield><marc:controlfield tag="006">m     o  d        </marc:controlfield><marc:controlfield tag="007">cr unu||||||||</marc:controlfield><marc:controlfield tag="008">190404t20192019miu     ob    000 0 eng d</marc:controlfield><marc:datafield tag="040" ind1=" " ind2=" "><marc:subfield code="a">EYM</marc:subfield><marc:subfield code="b">eng</marc:subfield><marc:subfield code="e">pn</marc:subfield><marc:subfield code="e">rda</marc:subfield><marc:subfield code="c">EYM</marc:subfield></marc:datafield><marc:datafield tag="020" ind1=" " ind2=" "><marc:subfield code="a">9780472125852</marc:subfield><marc:subfield code="q">(electronic bk.)</marc:subfield></marc:datafield><marc:datafield tag="020" ind1=" " ind2=" "><marc:subfield code="a">0472125850</marc:subfield><marc:subfield code="q">(electronic bk.)</marc:subfield></marc:datafield><marc:datafield tag="020" ind1=" " ind2=" "><marc:subfield code="z">9780472131501</marc:subfield><marc:subfield code="q">(hardcover : alk. paper)</marc:subfield></marc:datafield><marc:datafield tag="024" ind1="7" ind2=" "><marc:subfield code="a">10.3998/mpub.10191579</marc:subfield><marc:subfield code="2">doi</marc:subfield></marc:datafield><marc:datafield tag="043" ind1=" " ind2=" "><marc:subfield code="a">a-io---</marc:subfield></marc:datafield><marc:datafield tag="050" ind1=" " ind2="4"><marc:subfield code="a">JQ766.D4</marc:subfield></marc:datafield><marc:datafield tag="049" ind1=" " ind2=" "><marc:subfield code="a">EYMG</marc:subfield></marc:datafield><marc:datafield tag="100" ind1="1" ind2=" "><marc:subfield code="a">Shair-Rosenfield, Sarah,</marc:subfield><marc:subfield code="e">author.</marc:subfield></marc:datafield><marc:datafield tag="245" ind1="1" ind2="0"><marc:subfield code="a">Electoral reform and the fate of new democracies :</marc:subfield><marc:subfield code="b">lessons from the Indonesian case /</marc:subfield><marc:subfield code="c">Sarah Shair-Rosenfield.</marc:subfield></marc:datafield><marc:datafield tag="264" ind1=" " ind2="1"><marc:subfield code="a">Ann Arbor, Michigan :</marc:subfield><marc:subfield code="b">University of Michigan Press,</marc:subfield><marc:subfield code="c">2019.</marc:subfield></marc:datafield><marc:datafield tag="264" ind1=" " ind2="4"><marc:subfield code="c">©2019</marc:subfield></marc:datafield><marc:datafield tag="300" ind1=" " ind2=" "><marc:subfield code="a">1 online resource (213 pages).</marc:subfield></marc:datafield><marc:datafield tag="336" ind1=" " ind2=" "><marc:subfield code="a">text</marc:subfield><marc:subfield code="b">txt</marc:subfield><marc:subfield code="2">rdacontent</marc:subfield></marc:datafield><marc:datafield tag="337" ind1=" " ind2=" "><marc:subfield code="a">computer</marc:subfield><marc:subfield code="b">c</marc:subfield><marc:subfield code="2">rdamedia</marc:subfield></marc:datafield><marc:datafield tag="338" ind1=" " ind2=" "><marc:subfield code="a">online resource</marc:subfield><marc:subfield code="b">cr</marc:subfield><marc:subfield code="2">rdacarrier</marc:subfield></marc:datafield><marc:datafield tag="490" ind1="0" ind2=" "><marc:subfield code="a">Weiser Center for Emerging Democracies series</marc:subfield></marc:datafield><marc:datafield tag="504" ind1=" " ind2=" "><marc:subfield code="a">Includes bibliographical references (pages 196-212).</marc:subfield></marc:datafield><marc:datafield tag="505" ind1="0" ind2=" "><marc:subfield code="a">Part I: Setting Up the Puzzle -- Chapter 1. Why Reform in New Democracies? -- Chapter 2. Constrained Strategies: The Effects of Inexperience and Time -- Part II: Lessons from the Indonesian Experience -- Chapter 3. Indonesian Democratization and the Party System -- Chapter 4. Early Stage Reforms in a Period of High Inexperience, 1999-2004 -- Chapter 5. Reforms under Declining Inexperience and Modest Temporal Constraints, 2004-2009 -- Chapter 6. Reforms under Severe Temporal Constraints, 2009 and Beyond -- Part III: Exploring Iterated Reforms in Comparative Context -- Chapter 7. Changing Rules and Incentives in New Democracies -- Chapter 8. Extensions and Implications: Lessons for Scholars, Reformers, and Advisers -- Appendixes: Appendix A. Referenced Interviews -- Appendix B. Reform Codes by Case and Observation -- Appendix C. Additional Iterated Electoral Reform Cases -- Bibliography -- Index.</marc:subfield></marc:datafield><marc:datafield tag="520" ind1="3" ind2=" "><marc:subfield code="a">&quot;When and why do democratic political actors change the electoral rules that determine access to office-holding and power, particularly who is included in a country's political representation? The incidence of such changes, known as major electoral reforms, has been on the rise since 1980. This has concerned scholars who typically assume strategic choices, rather than ideological or normative preferences for democracy, drive elite decision-making regarding electoral reform. Thus, reforms would likely limit democratic consolidation by allowing elite actors to reshape the electoral system to their advantage. Electoral Reform and the Fate of New Democracies argues that elite inexperience may constrain the pursuit of self-interest and lead elites to undertake gradual or incremental approaches to the process of reform, aiding the process of democratic consolidation. Using a multi-methods approach, the book examines three consecutive periods of reform in Indonesia, the world's largest Muslim majority country and third largest democracy, between 1999 and 2014. Each case study chapter provides an in-depth process tracing of the negotiations leading to the adoption of new reforms, including key actors in the legislature, domestic civil society, international experts, and government bureaucrats. A series of counterfactual analyses assess the impact the reforms had on actual election outcomes versus the possible alternative outcomes of different reform options discussed during negotiations. With a comparative analysis of nine cases of iterated reform processes in other new democracies, the book confirms the lessons from the Indonesian case and highlights key lessons for both scholars and electoral engineers.&quot;</marc:subfield></marc:datafield><marc:datafield tag="588" ind1=" " ind2=" "><marc:subfield code="a">Description based on information from the publisher.</marc:subfield></marc:datafield><marc:datafield tag="650" ind1=" " ind2="0"><marc:subfield code="a">Democratization</marc:subfield><marc:subfield code="z">Indonesia.</marc:subfield></marc:datafield><marc:datafield tag="650" ind1=" " ind2="0"><marc:subfield code="a">Elections</marc:subfield><marc:subfield code="z">Indonesia.</marc:subfield></marc:datafield><marc:datafield tag="650" ind1=" " ind2="0"><marc:subfield code="a">Democracy</marc:subfield><marc:subfield code="z">Indonesia.</marc:subfield></marc:datafield><marc:datafield tag="655" ind1=" " ind2="4"><marc:subfield code="a">Electronic books.</marc:subfield></marc:datafield><marc:datafield tag="710" ind1="2" ind2=" "><marc:subfield code="a">Michigan Publishing (University of Michigan),</marc:subfield><marc:subfield code="e">publisher.</marc:subfield></marc:datafield><marc:datafield tag="856" ind1="4" ind2="0"><marc:subfield code="z">Access to the Michigan Publishing online version:</marc:subfield><marc:subfield code="u">https://doi.org/10.3998/mpub.10191579</marc:subfield></marc:datafield></marc:record>