
<marc:record><marc:leader>04696nam a2200433Ii 4500</marc:leader>
<marc:controlfield tag="001">on1099692943</marc:controlfield>
<marc:controlfield tag="005">20190502025508.0</marc:controlfield><marc:controlfield tag="006">m     o  d        </marc:controlfield><marc:controlfield tag="007">cr unu||||||||</marc:controlfield><marc:controlfield tag="008">190502t20192019miu      b    000 0 eng d</marc:controlfield><marc:datafield tag="040" ind1=" " ind2=" "><marc:subfield code="a">EYM</marc:subfield><marc:subfield code="b">eng</marc:subfield><marc:subfield code="e">rda</marc:subfield><marc:subfield code="e">pn</marc:subfield><marc:subfield code="c">EYM</marc:subfield></marc:datafield><marc:datafield tag="020" ind1=" " ind2=" "><marc:subfield code="z">9780472037414</marc:subfield><marc:subfield code="q">paperback</marc:subfield></marc:datafield><marc:datafield tag="020" ind1=" " ind2=" "><marc:subfield code="a">9780472125296</marc:subfield><marc:subfield code="q">electronic book</marc:subfield></marc:datafield><marc:datafield tag="020" ind1=" " ind2=" "><marc:subfield code="a">047212529X</marc:subfield><marc:subfield code="q">electronic book</marc:subfield></marc:datafield><marc:datafield tag="024" ind1="7" ind2=" "><marc:subfield code="a">10.3998/mpub.10155814</marc:subfield><marc:subfield code="2">doi</marc:subfield></marc:datafield><marc:datafield tag="050" ind1=" " ind2="4"><marc:subfield code="a">PS3553.O59</marc:subfield></marc:datafield><marc:datafield tag="245" ind1="0" ind2="0"><marc:subfield code="a">Jane Cooper :</marc:subfield><marc:subfield code="b">a radiance of attention /</marc:subfield><marc:subfield code="c">Martha Collins and Celia Bland, editors.</marc:subfield></marc:datafield><marc:datafield tag="264" ind1=" " ind2="1"><marc:subfield code="a">Ann Arbor :</marc:subfield><marc:subfield code="b">University of Michigan Press,</marc:subfield><marc:subfield code="c">2019.</marc:subfield></marc:datafield><marc:datafield tag="264" ind1=" " ind2="4"><marc:subfield code="c">©2019</marc:subfield></marc:datafield><marc:datafield tag="300" ind1=" " ind2=" "><marc:subfield code="a">1 online resource (194 pages).</marc:subfield></marc:datafield><marc:datafield tag="336" ind1=" " ind2=" "><marc:subfield code="a">text</marc:subfield><marc:subfield code="b">txt</marc:subfield><marc:subfield code="2">rdacontent</marc:subfield></marc:datafield><marc:datafield tag="337" ind1=" " ind2=" "><marc:subfield code="a">computer</marc:subfield><marc:subfield code="b">c</marc:subfield><marc:subfield code="2">rdamedia</marc:subfield></marc:datafield><marc:datafield tag="338" ind1=" " ind2=" "><marc:subfield code="a">online resource</marc:subfield><marc:subfield code="b">cr</marc:subfield><marc:subfield code="2">rdacarrier</marc:subfield></marc:datafield><marc:datafield tag="490" ind1="1" ind2=" "><marc:subfield code="a">Under discussion</marc:subfield></marc:datafield><marc:datafield tag="520" ind1="3" ind2=" "><marc:subfield code="a">For her five volumes of poetry over the course of her career, Jane Cooper (1924-2007) was deeply admired by her contemporaries, and teaching at Sarah Lawrence College for nearly forty years, she served as a mentor to many aspiring poets. Her elegant, honest, and emotionally and formally precise poems, often addressing the challenges of women's lives--especially the lives of women in the arts--continue to resonate with a new generation of readers. Martha Collins and Celia Bland bring together several decades' worth of essential writing on Cooper's poetry. While some pieces offer close examination of Cooper's process or thoughtful consideration of the craft of a single poem, the volume also features reviews of her collections, including a previously unpublished piece on her first book, The Weather of Six Mornings (1969), by James Wright, a lifelong champion of her work. Marie Howe, Jan Heller Levi, and Thomas Lux, among others, share personal remembrances of Cooper as a teacher, colleague, and inspiration. L. R. Berger's moving tribute to Cooper's final days closes the volume. This book has much to offer for both readers who already love Cooper's work and new readers, especially among younger poets, just discovering her enduring poems.</marc:subfield></marc:datafield><marc:datafield tag="504" ind1=" " ind2=" "><marc:subfield code="a">Includes bibliographical references.</marc:subfield></marc:datafield><marc:datafield tag="505" ind1="0" ind2=" "><marc:subfield code="a">Intro; Contents; Acknowledgments; Introduction / Celia Bland and Martha Collins; From the Open Sea: Body and Lyric in the Poetry of Jane Cooper / Kazim Ali; &quot;Mercator's World&quot;: Jane Cooper's Early Work / Stephen Tapscott; Review of The Weather of Six Mornings / James Wright; The Weather of Six Mornings: Deference and Defiance in Jane Cooper's Debut / Ned Balbo; &quot;Ablaze, Scared Child!&quot; / Jan Heller Levi; The Story the Surface Cannot Say / Marie Howe; Jane Cooper: &quot;The Builder of Houses&quot; / Lee Upton; Jane Cooper's &quot;Reclaimed&quot; Poems / Eric Gudas</marc:subfield></marc:datafield><marc:datafield tag="505" ind1="8" ind2=" "><marc:subfield code="a">&quot;In the Grip of a Difficult Century&quot;: Personal and Cultural History in Cooper's Maps &amp; Windows / Clare RossiniMaps &amp; Windows / Lee Briccetti; Endurance / Philip Levine; An Ecstasy of Space / Rachel Hadas; Dreamwords / Jean Valentine; The Fragile Human Settlement / Thomas Lux; &quot;Threads: Rosa Luxemburg from Prison&quot; / Lee Sharkey; Poets House Tribute to Jane Cooper / Galway Kinnell; Notes on Precision: Remembering Jane Cooper / Marilyn Chin; Inhabiting: Lessons from Jane Cooper's Spacious Architectures / Jenny Factor; Angle of Repose: Jane Cooper's Long View / Lisa Sack</marc:subfield></marc:datafield><marc:datafield tag="505" ind1="8" ind2=" "><marc:subfield code="a">Jane Cooper and the Poetics of Sanity / Eve Grubin&quot;The Green Notebook&quot; / Gail Mazur; The Family Stories of Jane Cooper / Lynne Thompson; &quot;I Could Not Tell You&quot;: Green Notebook, Winter Road and the Influence of Muriel Rukeyser / Lisa Sperber; Moving toward Connectedness: Jane Cooper's &quot;The Infusion Room&quot; / Maggie Anderson; Hospital Time: On Illness and Caregiving in Jane Cooper's &quot;The Children's Ward&quot; / Carley Moore; &quot;Vocation: A Life&quot; / Kevin Prufer and Patricia Yongue; Jane Cooper: Seventeen Names for Necessity / Beatrix Gates; Ordinary Details: Humor in the Work of Jane Cooper / Celia Bland</marc:subfield></marc:datafield><marc:datafield tag="505" ind1="8" ind2=" "><marc:subfield code="a">A Boat to See by, a Life to Row / Pamela AlexanderThe Flashboat: Poems Collected and Reclaimed / David Rigsbee; The Last Poem / L. R. Berger; Contributors</marc:subfield></marc:datafield><marc:datafield tag="588" ind1=" " ind2=" "><marc:subfield code="a">Description based on information from the publisher.</marc:subfield></marc:datafield><marc:datafield tag="600" ind1="1" ind2="0"><marc:subfield code="a">Cooper, Jane,</marc:subfield><marc:subfield code="d">1924-2007</marc:subfield><marc:subfield code="x">Criticism and interpretation.</marc:subfield></marc:datafield><marc:datafield tag="655" ind1=" " ind2="4"><marc:subfield code="a">Electronic books.</marc:subfield></marc:datafield><marc:datafield tag="700" ind1="1" ind2=" "><marc:subfield code="a">Collins, Martha,</marc:subfield><marc:subfield code="d">1940-</marc:subfield><marc:subfield code="e">editor.</marc:subfield></marc:datafield><marc:datafield tag="700" ind1="1" ind2=" "><marc:subfield code="a">Bland, Celia,</marc:subfield><marc:subfield code="e">editor.</marc:subfield></marc:datafield><marc:datafield tag="710" ind1="2" ind2=" "><marc:subfield code="a">Michigan Publishing (University of Michigan),</marc:subfield><marc:subfield code="e">issuing body.</marc:subfield></marc:datafield><marc:datafield tag="776" ind1="0" ind2="8"><marc:subfield code="i">Print version:</marc:subfield><marc:subfield code="t">Jane Cooper</marc:subfield><marc:subfield code="d">Ann Arbor : University of Michigan Press, 2019</marc:subfield><marc:subfield code="z">9780472037414</marc:subfield><marc:subfield code="w">(DLC)  2018054795</marc:subfield></marc:datafield><marc:datafield tag="830" ind1=" " ind2="0"><marc:subfield code="a">Under discussion.</marc:subfield></marc:datafield><marc:datafield tag="856" ind1="4" ind2="0"><marc:subfield code="z">Access to the Michigan Publishing online version:</marc:subfield><marc:subfield code="u">https://dx.doi.org/10.3998/mpub.10155814</marc:subfield></marc:datafield></marc:record>